@InProceedings{pcdAcquisition,
    author = {Liu, Weiping and Sun, Jia and Li, Wanyi and Hu, Ting and Wang, Peng},
    title = {Deep Learning on Point Clouds and Its Application: A Survey.},
    booktitle = {Sensor (Basel)},
    year = {2019}
} 

@MastersThesis{AchilleThesis,
    author     =     {Morenville, Achille and Vermeulen, Lucas},
    title     =     {{Simultaneous localization and mapping and autonomous navigation on SPOT robot from Boston Dynamics}},
    school     =     {UCLouvain},
    address     =     {Louvain-la-Neuve},
    year     =     {2022},
}
@misc{Spot,
    author = {{Boston Dynamics}},
    title = {Spot},
    howpublished = {\url{https://www.bostondynamics.com/products/spot}},
    note = {Accessed: 2023-06-02}
}

@misc{Spotcharact,
    author = {{Boston Dynamics}},
    title = {About Spot - Spot SDK},
    howpublished = {\url{https://dev.bostondynamics.com/docs/concepts/about_spot}},
    note = {Accessed: 2023-06-02}
}

@misc{SpotFrames,
    author = {{Boston Dynamics}},
    title = {Geometry and Frames - Spot SDK},
    howpublished = {\url{https://dev.bostondynamics.com/docs/concepts/geometry_and_frames}},
    note = {Accessed: 2023-06-02}
}

@misc{SpotAutonomy,
    author = {{Boston Dynamics}},
    title = {Autonomy Technical Summary - Spot SDK},
    howpublished = {\url{https://dev.bostondynamics.com/docs/concepts/autonomy/graphnav_tech_summary}},
    note = {Accessed: 2023-06-02}
}

@misc{quaternion,
  author        = {Yan-Bin Jia},
  title         = {Lecture notes in Foundations of Robotics and Computer Vision (CS 477/577)},
  year          = {2022},
  publisher={Iowa State University}
}

@InProceedings{LiDAR_review,
    author = {Mehendale, Ninad and Neoge, Srushti },
    title = {Review on Lidar Technology},
    booktitle = {SSRN},
    year = {2020}
} 

@misc{VLP-16,
    author = {{Velodyne Lidar}},
    title = {VLP-16 User Manual},
    howpublished = {\url{https://velodynelidar.com/wp-content/uploads/2019/12/63-9243-Rev-E-VLP-16-User-Manual.pdf}},
    note = {Accessed: 2023-06-02}
}

@misc{VLP-photo,
    author = {{Velodyne Lidar}},
    title = {Puck Products - Velodyne Lidar},
    howpublished = {\url{https://velodynelidar.com/products/puck}},
    note = {Accessed: 2023-06-02}
}

@InProceedings{VLP-vertical,
    year = {2019},
    booktitle = {IOP Publishing},
    author = {M V Okunsky and N V Nesterova},
    title = {Velodyne LIDAR method for sensor data decoding},
}

@article{Registration_review,
  author       = {Xiaoshui Huang and
                  Guofeng Mei and
                  Jian Zhang and
                  Rana Abbas},
  title        = {A comprehensive survey on point cloud registration},
  journal      = {CoRR},
  volume       = {abs/2103.02690},
  year         = {2021},
  url          = {https://arxiv.org/abs/2103.02690},
  eprinttype    = {arXiv},
  eprint       = {2103.02690},
  timestamp    = {Mon, 15 Mar 2021 17:30:55 +0100},
  biburl       = {https://dblp.org/rec/journals/corr/abs-2103-02690.bib},
  bibsource    = {dblp computer science bibliography, https://dblp.org}
}

@ARTICLE{ransac_registration,
  author={Chu-Song Chen and Yi-Ping Hung and Jen-Bo Cheng},
  journal={IEEE Transactions on Pattern Analysis and Machine Intelligence}, 
  title={RANSAC-based DARCES: a new approach to fast automatic registration of partially overlapping range images}, 
  year={1999},
  volume={21},
  number={11},
  pages={1229-1234},
  doi={10.1109/34.809117}
  }

@INPROCEEDINGS{33FPFH,
  author={Rusu, Radu Bogdan and Blodow, Nico and Beetz, Michael},
  booktitle={IEEE International Conference on Robotics and Automation}, 
  title={Fast Point Feature Histograms (FPFH) for 3D registration}, 
  year={2009},
  volume={},
  number={},
  pages={3212-3217},
  doi={10.1109/ROBOT.2009.5152473}
  }

@InProceedings{RANSAC_pruning,
    author = {Choi, Sungjoon and Zhou, Qian-Yi and Koltun, Vladlen},
    title = {Robust Reconstruction of Indoor Scenes},
    booktitle = {Proceedings of the IEEE Conference on Computer Vision and Pattern Recognition (CVPR)},
    year = {2015}
}

@article{kdtree,
  title={Fast approximate nearest neighbors with automatic algorithm configuration.},
  author={Muja, Marius and Lowe, David G},
  journal={VISAPP (1)},
  volume={2},
  number={331-340},
  pages={2},
  year={2009}
}
@article{Open3D,
   author  = {Qian-Yi Zhou and Jaesik Park and Vladlen Koltun},
   title   = {{Open3D}: {A} Modern Library for {3D} Data Processing},
   journal = {arXiv:1801.09847},
   year    = {2018},
}

@ARTICLE{ICP,
  author={Besl, P.J. and McKay, Neil D.},
  journal={IEEE Transactions on Pattern Analysis and Machine Intelligence}, 
  title={A method for registration of 3-D shapes}, 
  year={1992},
  volume={14},
  number={2},
  pages={239-256},
  doi={10.1109/34.121791}}

@Inbook{ICP-point-to-plane,
    author="Zhang, Zhengyou",
    title="Iterative Closest Point (ICP)",
    bookTitle="Computer Vision: A Reference Guide",
    year="2014",
    publisher="Springer US",
    address="Boston, MA",
    pages="433--434",
    isbn="978-0-387-31439-6",
    doi="10.1007/978-0-387-31439-6_179",
    url="https://doi.org/10.1007/978-0-387-31439-6_179"
}

@inproceedings{ransac_planedetection,
  title={Plane detection in point cloud data},
  author={Yang, Michael Ying and F{\"o}rstner, Wolfgang},
  booktitle={Proceedings of the 2nd int conf on machine control guidance, Bonn},
  volume={1},
  pages={95--104},
  year={2010}
}

@misc{hough1962,
  title={Method and means for recognizing complex patterns},
  author={Hough, Paul VC},
  year={1962},
  month=dec # "~18",
  publisher={Google Patents},
  note={US Patent 3,069,654}
}

@article{hough3d,
  title={The 3d hough transform for plane detection in point clouds: A review and a new accumulator design},
  author={Borrmann, Dorit and Elseberg, Jan and Lingemann, Kai and N{\"u}chter, Andreas},
  journal={3D Research},
  volume={2},
  number={2},
  pages={1--13},
  year={2011},
  publisher={Springer}
}

@article{probaHT,
  title={A probabilistic Hough transform},
  author={Kiryati, Nahum and Eldar, Yuval and Bruckstein, Alfred M},
  journal={Pattern recognition},
  volume={24},
  number={4},
  pages={303--316},
  year={1991},
  publisher={Elsevier}
}

@article{adaptiveprobaHT,
  title={Adaptive termination of voting in the probabilistic circular Hough transform},
  author={Yla-Jaaski, Antti and Kiryati, Nahum},
  journal={IEEE Transactions on Pattern Analysis and Machine Intelligence},
  volume={16},
  number={9},
  pages={911--915},
  year={1994},
  publisher={IEEE}
}

@article{planematching,
  title={Point Cloud Plane Segmentation-Based Robust Image Matching for Camera Pose Estimation},
  author={Bao, Junqi and Yuan, Xiaochen and Huang, Guoheng and Lam, Chan-Tong},
  journal={Remote Sensing},
  volume={15},
  number={2},
  pages={497},
  year={2023},
  publisher={Multidisciplinary Digital Publishing Institute}
}

@misc{CyrillYoutube,
    author = {Stachniss, Cyrill},
    title = {Point-to-Plane and Generalized ICP - 5 Minutes with Cyrill},
    howpublished = {\url{https://www.youtube.com/watch?v=2hC9IG6MFD0}},
    note = {Accessed: 2023-06-01}
}

@inproceedings{PointNet,
  title={Pointnet: Deep learning on point sets for 3d classification and segmentation},
  author={Qi, Charles R and Su, Hao and Mo, Kaichun and Guibas, Leonidas J},
  booktitle={Proceedings of the IEEE conference on computer vision and pattern recognition},
  pages={652--660},
  year={2017}
}
@article{DeepLearningPointCloud,
    author = {Guo, Yulan and Wang, Hanyun and Hu, Qingyong and Liu, Hao and Liu, Li and Bennamoun, Mohammed},
    year = {2020},
    month = {06},
    pages = {1-1},
    title = {Deep Learning for 3D Point Clouds: A Survey},
    volume = {PP},
    journal = {IEEE Transactions on Pattern Analysis and Machine Intelligence},
    doi = {10.1109/TPAMI.2020.3005434}
}

@article{PointNet2,
  title={Pointnet++: Deep hierarchical feature learning on point sets in a metric space},
  author={Qi, Charles Ruizhongtai and Yi, Li and Su, Hao and Guibas, Leonidas J},
  journal={Advances in neural information processing systems},
  volume={30},
  year={2017}
}

@misc{PointNet3D,
    author = {yanx27},
    publisher = {GitHub},
    journal = {GitHub repository},
    title = {Pointnet\_Pointnet2\_pytorch},
    howpublished = {\url{https://github.com/yanx27/Pointnet_Pointnet2_pytorch}},
    note = {Accessed: 2023-05-23}
}


@inproceedings{FlowNet,
  title={Flownet3d: Learning scene flow in 3d point clouds},
  author={Liu, Xingyu and Qi, Charles R and Guibas, Leonidas J},
  booktitle={Proceedings of the IEEE/CVF Conference on Computer Vision and Pattern Recognition},
  pages={529--537},
  year={2019}
}

@misc{Flow3D,
    author = {MaxChanger},
    publisher = {GitHub},
    journal = {GitHub repository},
    title = {Awesome-Point-Cloud-Scene-Flow},
    howpublished = {\url{https://github.com/MaxChanger/awesome-point-cloud-scene-flow}},
    note = {Accessed: 2023-05-23}
}

@misc{FlowNet3D,
    author = {hyangwinter},
    publisher = {GitHub},
    journal = {GitHub repository},
    title = {flownet3d\_pytorch},
    howpublished = {\url{https://github.com/hyangwinter/flownet3d_pytorch/tree/master}},
    note = {Accessed: 2023-05-23}
}

@inproceedings{Randla-net,
  title={Randla-net: Efficient semantic segmentation of large-scale point clouds},
  author={Hu, Qingyong and Yang, Bo and Xie, Linhai and Rosa, Stefano and Guo, Yulan and Wang, Zhihua and Trigoni, Niki and Markham, Andrew},
  booktitle={Proceedings of the IEEE/CVF conference on computer vision and pattern recognition},
  pages={11108--11117},
  year={2020}
}

@inproceedings{s3dis,
  title={3d semantic parsing of large-scale indoor spaces},
  author={Armeni, Iro and Sener, Ozan and Zamir, Amir R and Jiang, Helen and Brilakis, Ioannis and Fischer, Martin and Savarese, Silvio},
  booktitle={Proceedings of the IEEE conference on computer vision and pattern recognition},
  pages={1534--1543},
  year={2016}
}

@inproceedings{modelnet,
  title={3d shapenets: A deep representation for volumetric shapes},
  author={Wu, Zhirong and Song, Shuran and Khosla, Aditya and Yu, Fisher and Zhang, Linguang and Tang, Xiaoou and Xiao, Jianxiong},
  booktitle={Proceedings of the IEEE conference on computer vision and pattern recognition},
  pages={1912--1920},
  year={2015}
}

@misc{ANN,
    author = {Ajitesh Kumar},
    publisher = {Vitalflux},
    title = {Sklearn Neural Network Example – MLPRegressor},
    howpublished = {\url{https://vitalflux.com/sklearn-regression-example-mlpregressor/}},
    note = {Accessed: 2023-05-23}
}

@misc{neuron,
    publisher = {Wikipedia},
    title = {Backpropagation},
    howpublished = {\url{https://en.wikipedia.org/wiki/Backpropagation}},
    note = {Accessed: 2023-05-23}
}

@misc{LINFO2262,
    author = {Dupont Pierre},
    publisher = {UCLouvain},
    title = {LINFO2262 Machine Learning :classification and evaluation},
    month = {January},
    year = {2022},
}

@article{eval_metrics,
  title={A review on evaluation metrics for data classification evaluations},
  author={Hossin, Mohammad and Sulaiman, Md Nasir},
  journal={International journal of data mining \& knowledge management process},
  volume={5},
  number={2},
  pages={1},
  year={2015},
  publisher={Academy \& Industry Research Collaboration Center (AIRCC)}
}

@article{iou,
  title={Metrics for evaluating 3D medical image segmentation: analysis, selection, and tool},
  author={Taha, Abdel Aziz and Hanbury, Allan},
  journal={BMC medical imaging},
  volume={15},
  number={1},
  pages={1--28},
  year={2015},
  publisher={BioMed Central}
}

@inproceedings{flyingthings,
  title={A large dataset to train convolutional networks for disparity, optical flow, and scene flow estimation},
  author={Mayer, Nikolaus and Ilg, Eddy and Hausser, Philip and Fischer, Philipp and Cremers, Daniel and Dosovitskiy, Alexey and Brox, Thomas},
  booktitle={Proceedings of the IEEE conference on computer vision and pattern recognition},
  pages={4040--4048},
  year={2016}
}